% Cite. Fusion moves for marckov random field optimization

@article{nature_alpha_go,
author = {Silver, David and Huang, Aja and Maddison, Chris J and Guez, Arthur and Sifre, Laurent and van den Driessche, George and Schrittwieser, Julian and Antonoglou, Ioannis and Panneershelvam, Veda and Lanctot, Marc and Dieleman, Sander and Grewe, Dominik and Nham, John and Kalchbrenner, Nal and Sutskever, Ilya and Lillicrap, Timothy and Leach, Madeleine and Kavukcuoglu, Koray and Graepel, Thore and Hassabis, Demis},
issn = {0028-0836},
journal = {Nature},
month = {jan},
number = {7587},
pages = {484--489},
publisher = {Nature Publishing Group, a division of Macmillan Publishers Limited. All Rights Reserved.},
title = {{Mastering the game of Go with deep neural networks and tree search}},
url = {http://dx.doi.org/10.1038/nature16961 10.1038/nature16961 http://www.nature.com/nature/journal/v529/n7587/abs/nature16961.html{\#}supplementary-information},
volume = {529},
year = {2016}
}

@book{szeliski2010vision,
	title={Computer Vision: Algorithms and Applications},
	author={Szeliski, R.},
	year={2010},
	isbn={1848829345},
	publisher={Springer},
	comment =   {<a class="doc" href="http://szeliski.org/Book/">Full version on-line</a>},
}

@misc{matterport,
	title = "Matterport: 3D for the Real World",
	author = "Matterport",
	howpublished = "\url{http://matterport.com}"
}

@misc{BouguetCalib,
	title = "Camera calibration toolbox for Matlab",
	author = "Jean-Yves Bouguet",
	howpublished = "\url{http://www.vision.caltech.edu/bouguetj/calib_doc/}"
}

@article{von2008lsd,
	title={LSD: A fast line segment detector with a false detection control},
	author={von Gioi, Rafael Grompone and Jakubowicz, Jeremie and Morel, Jean-Michel and Randall, Gregory},
	journal={TPAMI},
	number={4},
	pages={722--732},
	year={2008},
	publisher={IEEE}
}

@inproceedings{agarwal-iccv-2009,
  author =       {Sameer Agarwal and Noah Snavely and Ian Simon and Steven M. Seitz and Richard Szeliski},
  title =        {Building {Rome} in a Day},
  booktitle = {Proceedings of the IEEE International Conference on Computer Vision},
  year =      {2009},
}

@inproceedings{furukawa-iccv-2009,
  author =       {Yasutaka Furukawa and Brian Curless and Steven M. Seitz and Richard Szeliski},
  title =        {Reconstructing Building Interiors from Images},
  booktitle = iccv,
  year =      {2009},
}

@inproceedings{richardt2013megastereo,
	title={Megastereo: Constructing high-resolution stereo panoramas},
	author={Richardt, Christian and Pritch, Yael and Zimmer, Henning and Sorkine-Hornung, Alexander},
	booktitle={Proceedings of the IEEE Conference on Computer Vision and Pattern Recognition},
	pages={1256--1263},
	year={2013}
}

@incollection{shan2014uncrop,
	title={Photo Uncrop},
	author={Shan, Qi and Curless, Brian and Furukawa, Yasutaka and Hernandez, Carlos and Seitz, Steven M},
	booktitle={ECCV},
	pages={16--31},
	year={2014},
	publisher={Springer International Publishing}
}

@INPROCEEDINGS{Joint3DSceneReconstructionandclassSegmentation, 
author={C. HÃ¤ne and C. Zach and A. Cohen and R. Angst and M. Pollefeys}, 
booktitle={Computer Vision and Pattern Recognition (CVPR), 2013 IEEE Conference on}, 
title={Joint 3D Scene Reconstruction and Class Segmentation}, 
year={2013}, 
pages={97-104},
doi={10.1109/CVPR.2013.20}, 
ISSN={1063-6919}, 
month={June},}

@TechReport {fusion_moves_for_markov_random_field_optimization,
author       = {Victor Lempitsky and Carsten Rother and Stefan Roth and Andrew Blake},
month        = {May},
number       = {MSR-TR-2009-60},
publisher    = {Microsoft},
title        = {Fusion Moves for Markov Random Field Optimization},
url          = {http://research.microsoft.com/apps/pubs/default.aspx?id=80790},
year         = {2009},
}

@Inproceedings {fusion_flow,
author       = {Victor Lempitsky and Stefan Roth and Carsten Rother},
booktitle    = {Proc. IEEE Conference on Computer Vision and Pattern Recognition (CVPR)},
month        = {June},
publisher    = {IEEE Computer Society},
title        = {FusionFlow: Discrete-Continuous Optimization for Optical Flow Estimation},
url          = {http://research.microsoft.com/apps/pubs/default.aspx?id=77296},
year         = {2008},
}

@INPROCEEDINGS {second_order_stereo, 
author={O. J. Woodford and P. H. S. Torr and I. D. Reid and A. W. Fitzgibbon}, 
booktitle={Computer Vision and Pattern Recognition, 2008. CVPR 2008. IEEE Conference on}, 
title={Global stereo reconstruction under second order smoothness priors}, 
year=2008, 
pages={1-8}, 
doi={10.1109/CVPR.2008.4587672}, 
ISSN={1063-6919}, 
month={June},}

@ARTICLE{middlebury_mrf, 
author={R. Szeliski and R. Zabih and D. Scharstein and O. Veksler and V. Kolmogorov and A. Agarwala and M. Tappen and C. Rother}, 
journal={IEEE Transactions on Pattern Analysis and Machine Intelligence}, 
title={A Comparative Study of Energy Minimization Methods for Markov Random Fields with Smoothness-Based Priors}, 
year={2008}, 
volume={30}, 
number={6}, 
pages={1068-1080}, 
doi={10.1109/TPAMI.2007.70844}, 
ISSN={0162-8828}, 
month={June},}

@Article{comparative_study_of_modern_inference,
author="Kappes, J{\"o}rg H.
and Andres, Bjoern
and Hamprecht, Fred A.
and Schn{\"o}rr, Christoph
and Nowozin, Sebastian
and Batra, Dhruv
and Kim, Sungwoong
and Kausler, Bernhard X.
and Kr{\"o}ger, Thorben
and Lellmann, Jan
and Komodakis, Nikos
and Savchynskyy, Bogdan
and Rother, Carsten",
title="A Comparative Study of Modern Inference Techniques for Structured Discrete Energy Minimization Problems",
journal="International Journal of Computer Vision",
year="2015",
volume="115",
number="2",
pages="155--184",
issn="1573-1405",
doi="10.1007/s11263-015-0809-x",
url="http://dx.doi.org/10.1007/s11263-015-0809-x"
}

@inproceedings{hierarchical_graph_cuts_kumar_and_koller,
 author = {Kumar, M. Pawan and Koller, Daphne},
 title = {MAP Estimation of Semi-metric MRFs via Hierarchical Graph Cuts},
 booktitle = {Proceedings of the Twenty-Fifth Conference on Uncertainty in Artificial Intelligence},
 series = {UAI '09},
 year = {2009},
 isbn = {978-0-9749039-5-8},
 location = {Montreal, Quebec, Canada},
 pages = {313--320},
 numpages = {8},
 url = {http://dl.acm.org/citation.cfm?id=1795114.1795151},
 acmid = {1795151},
 publisher = {AUAI Press},
 address = {Arlington, Virginia, United States},
}

@inproceedings{Dhruv_pushmeet_making_the_right_move,
  added-at = {2014-07-31T00:00:00.000+0200},
  author = {Batra, Dhruv and Kohli, Pushmeet},
  booktitle = {CVPR},
  isbn = {978-1-4577-0394-2},
  keywords = {dblp},
  pages = {1865-1872},
  publisher = {IEEE Computer Society},
  timestamp = {2015-06-19T15:57:58.000+0200},
  title = {Making the right moves: Guiding alpha-expansion using local primal-dual gaps.},
  url = {http://dblp.uni-trier.de/db/conf/cvpr/cvpr2011.html#BatraK11},
  year = 2011
}

@inproceedings{strandmark_parallel, 
author={P. Strandmark and F. Kahl}, 
booktitle={Computer Vision and Pattern Recognition (CVPR), 2010 IEEE Conference on}, 
title={Parallel and distributed graph cuts by dual decomposition}, 
year=2010, 
pages={2085-2092}, 
doi={10.1109/CVPR.2010.5539886}, 
ISSN={1063-6919}, 
month={June},
}

@Inproceedings {surface_stereo,
author       = {Michael Bleyer and Carsten Rother and Pushmeet Kohli},
booktitle    = {CVPR},
month        = {June},
title        = {Surface Stereo with Soft Segmentation},
url          = {http://research.microsoft.com/apps/pubs/default.aspx?id=122785},
year         = {2010},
}

@INPROCEEDINGS{fusion_moves_for_correlation_clustering, 
author={T. Beier and F. A. Hamprecht and J. H. Kappes}, 
booktitle={Computer Vision and Pattern Recognition (CVPR), 2015 IEEE Conference on}, 
title={Fusion moves for correlation clustering}, 
year={2015}, 
pages={3507-3516}, 
keywords={computational complexity;graph theory;image fusion;image segmentation;pattern clustering;NP-hardness;correlation clustering;fusion moves;image partitioning;image segmentation;multicut partitioning;undirected graph partitioning;Clustering algorithms;Computer vision;Correlation;Generators;Image edge detection;Labeling;Proposals}, 
doi={10.1109/CVPR.2015.7298973}, 
month={June},}

@article{gigapan,
	author  = {Johannes Kopf and Matt Uyttendaele and Oliver Deussen and Michael F. Cohen},
	title   = {Capturing and Viewing Gigapixel Images},
	journal = {SIGGRAPH},
	year    = {2007},
	volume  = {26},
	number  = {43},
}

@ARTICLE{TRW-S, 
author={V. Kolmogorov}, 
journal={IEEE Transactions on Pattern Analysis and Machine Intelligence}, 
title={Convergent Tree-Reweighted Message Passing for Energy Minimization}, 
year={2006}, 
volume={28}, 
number={10}, 
pages={1568-1583}, 
doi={10.1109/TPAMI.2006.200}, 
ISSN={0162-8828}, 
month={Oct},
}

@misc{TRW-S_implementation,
title={Tree-reweighted message passing algorithm for energy minimization},
url={http://research.microsoft.com/en-us/downloads/dad6c31e-2c04-471f-b724-ded18bf70fe3/},
}

@inproceedings{loopy_belief_propagation,
 author = {Murphy, Kevin P. and Weiss, Yair and Jordan, Michael I.},
 title = {Loopy Belief Propagation for Approximate Inference: An Empirical Study},
 booktitle = {Proceedings of the Fifteenth Conference on Uncertainty in Artificial Intelligence},
 series = {UAI'99},
 year = {1999},
 isbn = {1-55860-614-9},
 location = {Stockholm, Sweden},
 pages = {467--475},
 numpages = {9},
 url = {http://dl.acm.org/citation.cfm?id=2073796.2073849},
 acmid = {2073849},
 publisher = {Morgan Kaufmann Publishers Inc.},
 address = {San Francisco, CA, USA},
}

@ARTICLE{ga, 
author={K. F. Man and K. S. Tang and S. Kwong}, 
journal={IEEE Transactions on Industrial Electronics}, 
title={Genetic algorithms: concepts and applications [in engineering design]}, 
year={1996}, 
volume={43}, 
number={5}, 
pages={519-534}, 
doi={10.1109/41.538609}, 
ISSN={0278-0046}, 
month={Oct},}

@INPROCEEDINGS{pso, 
author={J. Kennedy and R. Eberhart}, 
booktitle={Neural Networks, 1995. Proceedings., IEEE International Conference on}, 
title={Particle swarm optimization}, 
year={1995}, 
volume={4}, 
pages={1942-1948 vol.4},
doi={10.1109/ICNN.1995.488968}, 
month={Nov},}


@Inproceedings {pushmeet_hand_tracking,
month        = {April},
publisher    = {CHI},
title        = {Accurate, Robust, and Flexible Real-time Hand Tracking},
url          = {http://research.microsoft.com/apps/pubs/default.aspx?id=238453},
year         = {2015},
}

@Article{delong_hierarchical_fusion,
author="Delong, Andrew
and Gorelick, Lena
and Veksler, Olga
and Boykov, Yuri",
title="Minimizing Energies with Hierarchical Costs",
journal="International Journal of Computer Vision",
year="2012",
volume="100",
number="1",
pages="38--58",
issn="1573-1405",
doi="10.1007/s11263-012-0531-x",
url="http://dx.doi.org/10.1007/s11263-012-0531-x"
}

@INPROCEEDINGS{olga_hierarchical_alpha_expansion, 
author={O. Veksler}, 
booktitle={Computer Vision and Pattern Recognition (CVPR), 2015 IEEE Conference on}, 
title={Efficient parallel optimization for potts energy with hierarchical fusion}, 
year={2015}, 
pages={887-895},
doi={10.1109/CVPR.2015.7298690}, 
month={June},}

@ARTICLE{opengm,
   author = {{Andres}, B. and {Beier}, T. and {Kappes}, J.~H.},
    title = "{OpenGM: A C++ Library for Discrete Graphical Models}",
  journal = {ArXiv e-prints},
archivePrefix = "arXiv",
   eprint = {1206.0111},
 primaryClass = "cs.AI",
 year = 2012,
    month = jun,
   adsurl = {http://adsabs.harvard.edu/abs/2012arXiv1206.0111A},
  adsnote = {Provided by the SAO/NASA Astrophysics Data System}
}

@article{alpha_expansion,
 author = {Boykov, Yuri and Veksler, Olga and Zabih, Ramin},
 title = {Fast Approximate Energy Minimization via Graph Cuts},
 journal = {IEEE Trans. Pattern Anal. Mach. Intell.},
 issue_date = {November 2001},
 volume = {23},
 number = {11},
 month = nov,
 year = {2001},
 issn = {0162-8828},
 pages = {1222--1239},
 numpages = {18},
 url = {http://dx.doi.org/10.1109/34.969114},
 doi = {10.1109/34.969114},
 acmid = {505473},
 publisher = {IEEE Computer Society},
 address = {Washington, DC, USA},
}

@Article {middlebury_stereo,
author       = {Daniel Scharstein and Richard Szeliski},
journal      = {International Journal of Computer Vision},
month        = {May},
number       = {1},
pages        = {7â42},
publisher    = {Kluwer Academic},
title        = {A Taxonomy and Evaluation of Dense Two-Frame Stereo Correspondence Algorithms},
url          = {http://research.microsoft.com/apps/pubs/default.aspx?id=64200},
volume       = {47},
year         = {2002},
}

@TechReport {middlebury_optical_flow,
author       = {Simon Baker and Daniel Scharstein and J.P. Lewis and Stefan Roth and Michael J. Black and Richard Szeliski},
month        = {December},
number       = {MSR-TR-2009-179},
publisher    = {Microsoft Research},
title        = {A Database and Evaluation Methodology for Optical Flow},
url          = {http://research.microsoft.com/apps/pubs/default.aspx?id=117766},
year         = {2009},
}

@misc{photosynth,
	author = "Microsoft",
	title = "PhotoSynth",
	note = "http://photosynth.net/preview"
}

@article{summa2012panorama,
	title={Panorama weaving: fast and flexible seam processing},
	author={Summa, Brian and Tierny, Julien and Pascucci, Valerio},
	journal={ACM Transactions on Graphics (TOG)},
	volume={31},
	number={4},
	pages={83},
	year={2012},
	publisher={ACM}
}

@inproceedings{zhang2014parallax,
	title={Parallax-tolerant image stitching},
	author={Zhang, Fan and Liu, Feng},
	booktitle={Proceedings of the IEEE Conference on Computer Vision and Pattern Recognition},
	pages={3262--3269},
	year={2014}
}

@InProceedings{Shum99, 
	author = {Heung-Yeung Shum and Richard Szeliski},
	title = {Stereo Reconstruction from Multiperspective Panoramas},
	booktitle = {ICCV},
	year = {1999}
}

@misc{VisualSFM,
	author = "Changchang Wu",
	title = "Visual{\uppercase{SFM}} : A Visual Structure from Motion System",
	note = "{\url{http://ccwu.me/vsfm/}}"
}

@misc{openMVG,
 	author = "Pierre Moulon and Pascal Monasse and Renaud Marlet and Others",
 	title = "OpenMVG. An Open Multiple View Geometry library.",
 	howpublished = "\url{https://github.com/openMVG/openMVG}",
}

@inproceedings{bundler,
	author = "Noah Snavely and Steven M. Seitz and Richard Szeliski",
	title = "Photo Tourism: Exploring image collections in 3D",
	booktitle = "SIGGRAPH", 
	year = 2006
}

@inproceedings{ikehata2015structured,
	title={Structured Indoor Modeling},
	author={Ikehata, Satoshi and Yang, Hang and Furukawa, Yasutaka},
	booktitle={Proceedings of the IEEE International Conference on Computer Vision},
	pages={1323--1331},
	year={2015}
}

@article{yasu2014museum,
	title={Reconstructing the worldâs museums},
	author={Xiao, Jianxiong and Furukawa, Yasutaka},
	journal={IJCV},
	volume={110},
	number={3},
	pages={243--258},
	year={2014}
}

@inproceedings{dave2014smallbaseline,
	title={3d reconstruction from accidental motion},
	author={Yu, Fisher and Gallup, David},
	booktitle={Proceedings of the IEEE Conference on Computer Vision and Pattern Recognition},
	pages={3986--3993},
	year={2014}
}

@inproceedings{im2015depth,
	title={Depth from accidental motion using geometry prior},
	author={Im, Sung-Hoon and Choe, Gyeongmin and Jeon, Hae-Gon and Kweon, In So},
	booktitle={Image Processing (ICIP), 2015 IEEE International Conference on},
	pages={4160--4164},
	year={2015},
	organization={IEEE}
}

@inproceedings{vladlen2015indoor,
	title={Robust reconstruction of indoor scenes},
	author={Choi, Sungjoon and Zhou, Qian-Yi and Koltun, Vladlen},
	booktitle={Computer Vision and Pattern Recognition (CVPR), 2015 IEEE Conference on},
	pages={5556--5565},
	year={2015},
	organization={IEEE}
}

@inproceedings{zaragoza2013projective,
	title={As-projective-as-possible image stitching with moving DLT},
	author={Zaragoza, Julio and Chin, Tat-Jun and Brown, Michael and Suter, David},
	booktitle={Proceedings of the IEEE Conference on Computer Vision and Pattern Recognition},
	pages={2339--2346},
	year={2013}
}

@inproceedings{strandmark2010parallel,
  title={Parallel and distributed graph cuts by dual decomposition},
  author={Strandmark, Petter and Kahl, Fredrik},
  booktitle={Computer Vision and Pattern Recognition (CVPR), 2010 IEEE Conference on},
  pages={2085--2092},
  year={2010},
  organization={IEEE}
}

@misc{layered_depthmap,
 	author="Anonymous",
 	title="Layered Scene Decomposition via the Occlusion-CRF",
}

@inproceedings{salas2014dense,
  title={Dense planar SLAM},
  author={Salas-Moreno, Renato F and Glocken, Ben and Kelly, Paul HJ and Davison, Andrew J},
  booktitle={Mixed and Augmented Reality (ISMAR), 2014 IEEE International Symposium on},
  pages={157--164},
  year={2014},
  organization={IEEE}
}
